@INPROCEEDINGS{mirrorserver,
author={Nakamura, R. and Miwa, H.},
booktitle={Applications and the Internet (SAINT), 2011 IEEE/IPSJ 11th International Symposium on},
title={Method of Locating Mirror Servers to Alleviate Load on Servers and Links},
year={2011},
pages={513-518},
keywords={Internet;computational complexity;content management;file servers;optimisation;telecommunication network topology;Internet;NP-complete problem;content delivery network;content delivery servers;heuristic algorithm;large-volume contents;mirror server location;network load alleviation;network topologies;server load alleviation;Approximation algorithms;Approximation methods;Internet;Mirrors;Network topology;Polynomials;Servers;Algorithm;Content Delivery Network;NP-complete;Optimization;QoS;Server Location},
doi={10.1109/SAINT.2011.95},}

@misc{ wiki:lastmile,
    author = "Wikipedia",
    title = "Last Mile",
    year = "2013",
    url = "http://en.wikipedia.org/wiki/Last_mile",
    note = "[Online; accessed 4-September-2013]"
}
@misc{ wiki:cdn,
    author = "Wikipedia",
    title = "Content delivery network",
    year = "2013",
    url = "http://en.wikipedia.org/wiki/Content_delivery_network",
    note = "[Online; accessed 4-September-2013]"
}

@book{Buyya:2008:CDN:1457653,
 author = {Buyya, Rajkumar and Pathan, Mukaddim and Vakali, Athena},
 title = {Content Delivery Networks},
 year = {2008},
 isbn = {9783540778868},
 edition = {1st},
 publisher = {Springer Publishing Company, Incorporated},
}
@misc{caidabarebones,
    author = "Caida",
    title  = "Barebones - http://www.caida.org/tools/visualization/mapnet/Data/inc.txt",
    year   = "2013",
    url    = "http://www.caida.org/tools/visualization/mapnet/Data/inc.txt",
    note   = "[Online; accessed 9-September-2013]"
}
@MISC{Mladenovic00solvingthe,
    author = {Nenad Mladenovic and Martine Labb√© and Pierre Hansen and Etudes Commerciales and Etudes Commerciales},
    title = {Solving the p-Center Problem with Tabu Search and Variable Neighborhood Search},
    year = {2000}
}
@article{KarivHakimi1979,
    author = {Kariv, O. and Hakimi, S. L.},
    citeulike-article-id = {3176778},
    journal = {SIAM Journal on Applied Mathematics},
    keywords = {graph, theory},
    pages = {513--538},
    posted-at = {2008-08-31 16:10:21},
    priority = {2},
    title = {An Algorithmic Approach to Network Location Problems. {I}: The \$p\$-Centers},
    volume = {37},
    year = {1979}
}


